
@misc{Authors06,
 author = {Authors},
 title = {The frobnicatable foo filter},
 note = {ECCV06 submission ID 324. Supplied as additional material {\tt eccv06.pdf}},
 year = 2006
}

@misc{Authors06b,
 author = {Authors},
 title = {Frobnication tutorial},
 note = {Supplied as additional material {\tt tr.pdf}},
 year = 2006
}

@article{Alpher02,
author = {A. Alpher},
title = {Frobnication},
journal = {Journal of Foo},
volume = 12, 
number = 1, 
pages = {234--778}, 
year = 2002
}

@article{Alpher03,
author = {A. Alpher and J.~P.~N. Fotheringham-Smythe},
title = {Frobnication revisited},
journal = {Journal of Foo},
volume = 13, 
number = 1, 
pages = {234--778}, 
year = 2003
}

@article{Alpher04,
author = {A. Alpher and J.~P.~N. Fotheringham-Smythe and G. Gamow},
title = {Can a machine frobnicate?},
journal = {Journal of Foo},
volume = 14, 
number = 1, 
pages = {234--778}, 
year = 2004
}

@article{Mermin89,
author = {N. David Mermin},
title = {What's wrong with these equations?},
journal = {Physics Today},
year = 1989,
month = oct,
note = {\small\url{http://www.cvpr.org/doc/mermin.pdf}}
}

@Book{Hartley00,
  author       = "Hartley, R.~I. and Zisserman, A.",
  title        = "Multiple View Geometry in Computer Vision",
  year         = "2000",
  publisher    = "Cambridge University Press, ISBN: 0521623049",
}

@InProceedings{Claus05,
  author       = "Claus, D. and Fitzgibbon, A.~W.",
  title        = "A Rational Function Lens Distortion Model for General
                 Cameras",
  booktitle    = "Proc. CVPR",
  year         = "2005",
  pages        = "213--219",
}

@InProceedings{Zhang96,
  author =	 "Z. Zhang",
  title =	 "On the Epipolar Geometry Between Two Images With
                  Lens Distortion",
  booktitle =	 "Proc. ICPR",
  year =	 "1996",
  pages =	 "407--411",
}

@InProceedings{Fitzgibbon01,
  author       = "Fitzgibbon, A.~W.",
  title        = "Simultaneous Linear Estimation of Multiple View
                 Geometry and Lens Distortion",
  booktitle    = "Proc. CVPR",
  year         = "2001"
}

@article{Brown71,
author = {D.~C. Brown},
title = {Close-range camera calibration},
journal = {Photogrammetric Eng.},
volume = 37,
number = 8,
pages = {855--866}, 
year = 1971
}

@article{Devernay01,
author = {F. Devernay and O. Faugeras},
title = {Straight lines have to be straight},
journal = {MVA},
volume = 13,
pages = {14--24}, 
year = 2001
}

@article{Swaminathan00,
author = {R. Swaminathan and S. Nayar},
title = {Nonmetric calibration of wide-angle lenses and polycameras},
journal = {IEEE T-PAMI},
volume = 22,
number = 10,
pages = {1172--1178}, 
year = 2000
}

@InProceedings{Tsai86,
  author =	 "Tsai, Y.~R.",
  title =	 "An Efficient and Accurate Camera Calibration
                  Technique for {3D} Machine Vision",
  booktitle =	 "Proc. CVPR",
  year =	 "1986",
}

@inproceedings{workman2015predicting,
  title={On the location dependence of convolutional neural network features},
  author={Workman, Scott and Souvenir, Richard and Jacobs, Nathan},
  booktitle={Proceedings of the IEEE conference on computer vision and pattern recognition workshops},
  pages={70--78},
  year={2015}
}

@inproceedings{lin2013cross,
  title={Cross-view image geolocalization},
  author={Lin, Tsung-Yi and Cui, Yin and Belongie, Serge and Hays, James},
  booktitle={Proceedings of the IEEE Conference on Computer Vision and Pattern Recognition},
  pages={891--898},
  year={2013}
}

@inproceedings{hu2018cvm,
  title={CVM-Net: Cross-view matching network for image-based ground-to-aerial geo-localization},
  author={Hu, Sixing and Feng, Mengdan and Nguyen, Rang MH and Lee, Gim Hee},
  booktitle={Proceedings of the IEEE Conference on Computer Vision and Pattern Recognition},
  pages={7258--7267},
  year={2018}
}

@inproceedings{shi2019spatial,
  title={Spatial-aware feature aggregation for image based cross-view geo-localization},
  author={Shi, Yujiao and Yu, Xin and Campbell, Dylan and Li, Hongdong},
  booktitle={Advances in Neural Information Processing Systems},
  volume={32},
  year={2019}
}

@article{regmi2018cross,
  title={Cross-view image synthesis using conditional gans},
  author={Regmi, Krishna and Borji, Ali},
  journal={Proceedings of the IEEE Conference on Computer Vision and Pattern Recognition},
  pages={3501--3510},
  year={2018}
}

@inproceedings{zhu2021vigor,
  title={VIGOR: Cross-view image geo-localization beyond one-to-one retrieval},
  author={Zhu, Sijie and Yang, Taojiannan and Chen, Chen},
  booktitle={Proceedings of the IEEE/CVF Conference on Computer Vision and Pattern Recognition},
  pages={3640--3649},
  year={2021}
}

@inproceedings{dosovitskiy2020image,
  title={An image is worth 16x16 words: Transformers for image recognition at scale},
  author={Dosovitskiy, Alexey and Beyer, Lucas and Kolesnikov, Alexander and Weissenborn, Dirk and Zhai, Xiaohua and Unterthiner, Thomas and Dehghani, Mostafa and Minderer, Matthias and Heigold, Georg and Gelly, Sylvain and others},
  booktitle={International Conference on Learning Representations},
  year={2021}
}

@inproceedings{zhu2023vigor,
  title={Revisiting cross-view geo-localization in the wild with transformer},
  author={Zhu, Sijie and Yang, Taojiannan and Chen, Chen},
  booktitle={Proceedings of the IEEE/CVF International Conference on Computer Vision},
  pages={8640--8649},
  year={2023}
}

@inproceedings{toker2021coming,
  title={Coming down to earth: Satellite-to-street view synthesis for geo-localization},
  author={Toker, Aysim and Zhou, Qunjie and Maximov, Maxim and Leal-Taix{\'e}, Laura},
  booktitle={Proceedings of the IEEE/CVF Conference on Computer Vision and Pattern Recognition},
  pages={6488--6497},
  year={2021}
}

@inproceedings{he2020momentum,
  title={Momentum contrast for unsupervised visual representation learning},
  author={He, Kaiming and Fan, Haoqi and Wu, Yuxin and Xie, Saining and Girshick, Ross},
  booktitle={Proceedings of the IEEE/CVF conference on computer vision and pattern recognition},
  pages={9729--9738},
  year={2020}
}

@inproceedings{chen2020simple,
  title={A simple framework for contrastive learning of visual representations},
  author={Chen, Ting and Kornblith, Simon and Norouzi, Mohammad and Hinton, Geoffrey},
  booktitle={International conference on machine learning},
  pages={1597--1607},
  year={2020},
  organization={PMLR}
}

@article{grill2020bootstrap,
  title={Bootstrap your own latent-a new approach to self-supervised learning},
  author={Grill, Jean-Bastien and Strub, Florian and Altch{\'e}, Florent and Tallec, Corentin and Richemond, Pierre and Buchatskaya, Elena and Doersch, Carl and Avila Pires, Bernardo and Guo, Zhaohan and Gheshlaghi Azar, Mohammad and others},
  journal={Advances in neural information processing systems},
  volume={33},
  pages={21271--21284},
  year={2020}
}

@article{oquab2023dinov2,
  title={DINOv2: Learning robust visual features without supervision},
  author={Oquab, Maxime and Darcet, Timoth{\'e}e and Moutakanni, Theo and Vo, Huy and Szafraniec, Marc and Khalidov, Vasil and Fernandez, Pierre and Haziza, Daniel and Massa, Francisco and El-Nouby, Alaaeldin and others},
  journal={arXiv preprint arXiv:2304.07193},
  year={2023}
}

@inproceedings{caron2021emerging,
  title={Emerging properties in self-supervised vision transformers},
  author={Caron, Mathilde and Touvron, Hugo and Misra, Ishan and J{\'e}gou, Herv{\'e} and Mairal, Julien and Bojanowski, Piotr and Joulin, Armand},
  booktitle={Proceedings of the IEEE/CVF international conference on computer vision},
  pages={9650--9660},
  year={2021}
}

@inproceedings{bansal2011ultra,
  title={Ultra-wide baseline facade matching for geo-localization},
  author={Bansal, Mayank and Daniilidis, Kostas and Sawhney, Harpreet},
  booktitle={Proceedings of the 3rd ACM SIGSPATIAL International Workshop on Location-Based Social Networks},
  pages={15--22},
  year={2011}
}

@inproceedings{lin2015learning,
  title={Learning deep representations for ground-to-aerial geolocalization},
  author={Lin, Tsung-Yi and Belongie, Serge and Hays, James},
  booktitle={Proceedings of the IEEE conference on computer vision and pattern recognition},
  pages={5007--5015},
  year={2015}
}

@inproceedings{shi2020where,
  title={Where am i looking at? joint location and orientation estimation by cross-view matching},
  author={Shi, Yujiao and Yu, Xin and Campbell, Dylan and Li, Hongdong},
  booktitle={Proceedings of the IEEE/CVF Conference on Computer Vision and Pattern Recognition},
  pages={4064--4072},
  year={2020}
}

@article{yang2024depth,
  title={Depth anything: Unleashing the power of large-scale unlabeled data},
  author={Yang, Lihe and Kang, Bingyi and Huang, Zilong and Xu, Xiaogang and Feng, Jiashi and Zhao, Hengshuang},
  journal={Proceedings of the IEEE/CVF Conference on Computer Vision and Pattern Recognition},
  year={2024}
}